<record><leader>00000cas a22000007a 4500</leader><controlfield tag="001">16275770</controlfield><controlfield tag="008">870724c19069999msuwr ne      0    0eng d</controlfield><datafield ind1=" " ind2=" " tag="010"><subfield code="a">sn 87065586 </subfield></datafield><datafield ind1=" " ind2=" " tag="040"><subfield code="a">MJA</subfield><subfield code="b">eng</subfield><subfield code="c">MJA</subfield><subfield code="d">MSJ</subfield><subfield code="d">OCLCQ</subfield></datafield><datafield ind1=" " ind2=" " tag="042"><subfield code="a">msc</subfield></datafield><datafield ind1="0" ind2="4" tag="245"><subfield code="a">The Richton dispatch.</subfield></datafield><datafield ind1=" " ind2=" " tag="260"><subfield code="a">Richton, Perry Co., Miss. :</subfield><subfield code="b">L.A. Wilson, Jr.</subfield></datafield><datafield ind1=" " ind2=" " tag="310"><subfield code="a">Weekly</subfield></datafield><datafield ind1="1" ind2=" " tag="362"><subfield code="a">Began in 1906.</subfield></datafield><datafield ind1=" " ind2=" " tag="588"><subfield code="a">Description based on: Vol. 31, no. 49 (Nov. 20, 1936).</subfield></datafield><datafield ind1=" " ind2=" " tag="752"><subfield code="a">United States</subfield><subfield code="b">Mississippi</subfield><subfield code="c">Perry</subfield><subfield code="d">Richton.</subfield></datafield><datafield ind1="0" ind2="5" tag="780"><subfield code="t">Augusta telephone and the Perry County review</subfield></datafield><datafield ind1="0" ind2="5" tag="780"><subfield code="t">Perry County news</subfield><subfield code="w">(OCoLC)16102712</subfield></datafield></record>